<record><leader>00000cas a2200000 a 4500</leader><controlfield tag="001">17398746</controlfield><controlfield tag="008">880127d19841985kyuwr ne      0    0eng d</controlfield><datafield ind1=" " ind2=" " tag="010"><subfield code="a">sn 88061001 </subfield></datafield><datafield ind1=" " ind2=" " tag="040"><subfield code="a">KNP</subfield><subfield code="b">eng</subfield><subfield code="c">KNP</subfield><subfield code="d">OCL</subfield><subfield code="d">OCLCQ</subfield></datafield><datafield ind1=" " ind2=" " tag="042"><subfield code="a">msc</subfield></datafield><datafield ind1="0" ind2=" " tag="130"><subfield code="a">Gazette (Smiths Grove, Ky.)</subfield></datafield><datafield ind1="1" ind2="4" tag="245"><subfield code="a">The gazette.</subfield></datafield><datafield ind1=" " ind2=" " tag="260"><subfield code="a">Smiths Grove, Ky. :</subfield><subfield code="b">Carroll Bevarly &amp; Alice Colvard,</subfield><subfield code="c">1984-1985.</subfield></datafield><datafield ind1=" " ind2=" " tag="300"><subfield code="a">v. :</subfield><subfield code="b">ill.</subfield></datafield><datafield ind1=" " ind2=" " tag="310"><subfield code="a">Weekly</subfield></datafield><datafield ind1="0" ind2=" " tag="362"><subfield code="a">Vol. 1, no. 1 (May 17, 1984)-v. 1, no. 37 (Apr. 1, 1985).</subfield></datafield><datafield ind1=" " ind2="4" tag="651"><subfield code="a">Smiths Grove (Ky.)</subfield><subfield code="v">Newspapers.</subfield></datafield><datafield ind1=" " ind2="4" tag="651"><subfield code="a">Warren County (Ky.)</subfield><subfield code="v">Newspapers.</subfield></datafield><datafield ind1=" " ind2=" " tag="752"><subfield code="a">United States</subfield><subfield code="b">Kentucky</subfield><subfield code="c">Warren</subfield><subfield code="d">Smiths Grove.</subfield></datafield><datafield ind1="0" ind2="0" tag="785"><subfield code="t">Smith's Grove weekly gazette</subfield><subfield code="w">(DLC)sn 88061002</subfield></datafield><datafield ind1="1" ind2=" " tag="029"><subfield code="a">AU@</subfield><subfield code="b">000025806961</subfield></datafield></record>